@article{HirtNichols,
	Author = {Hirt, C.W. and Nichols, B. D.},
	Date-Added = {2015-09-03 08:24:17 +0000},
	Date-Modified = {2015-09-03 08:25:50 +0000},
	Journal = {Journal of Computational Physics},
	Pages = {201-225-36},
	Title = {{Volume of fluid (VOF) method for the dynamics of free boundaries}},
	Volume = {39},
	Year = {1981}}

@article{Quinzani.L_1994_aa,
	Author = {Quinzani, L. M. and Armstrong, R. C. and Brown, R. A.},
	Date-Added = {2015-09-03 08:24:17 +0000},
	Date-Modified = {2015-09-03 08:25:50 +0000},
	Journal = {Journal of Non-Newtonian Fluid Mechanics},
	Pages = {1-36},
	Title = {{Birefringence and laser-Doppler velocimetry (LDV) studies of viscoelastic flow through a planar contraction}},
	Volume = {52},
	Year = {1994}}

@article{Lim.F_1987_aa,
	Author = {Lim, F. J. and Schowalter, W. R.},
	Date-Added = {2015-09-03 08:04:24 +0000},
	Date-Modified = {2015-09-03 08:06:16 +0000},
	Journal = {Journal of Non-Newtonian Fluid Mechanics},
	Pages = {135-142},
	Title = {{Pseudo-spectral analysis of the stability of pressure-driven flow of a Giesekus fluid between parallel planes}},
	Volume = {26},
	Year = {1987}}

@article{Evans.E_1976_aa,
	Author = {Evans, E. A. and Waugh, R. and Melnik, L.},
	Date-Added = {2015-09-03 07:11:00 +0000},
	Date-Modified = {2015-09-03 07:15:33 +0000},
	Journal = {Biophysical Journal},
	Pages = {585},
	Title = {Elastic area compressibility modulus of red cell membrane},
	Volume = {16},
	Year = {1976}}

@article{Evans.E_1976_ab,
	Author = {Evans, E. A. and Hochmuth, R. M.},
	Date-Added = {2015-09-03 07:11:00 +0000},
	Date-Modified = {2015-09-03 07:15:42 +0000},
	Journal = {Biophysical Journal},
	Pages = {1},
	Title = {Membrane viscoelasticity},
	Volume = {16},
	Year = {1976}}